<collection xmlns="http://www.loc.gov/MARC21/slim">
   <record>
      <leader>02762aam a2200409 i 4500</leader>
      <controlfield tag="001">6672305</controlfield>
      <controlfield tag="003">OCoLC</controlfield>
      <controlfield tag="005">20140822152119.0</controlfield>
      <controlfield tag="008">140530t20152015maua     b    001 0 eng  </controlfield>
      <datafield ind1=" " ind2=" " tag="020">
         <subfield code="a">9781292017396 (paperback)</subfield>
      </datafield>
      <datafield ind1=" " ind2=" " tag="020">
         <subfield code="a">1292017392 (paperback)</subfield>
      </datafield>
      <datafield ind1=" " ind2=" " tag="035">
         <subfield code="a">ocn881520101</subfield>
      </datafield>
      <datafield ind1=" " ind2=" " tag="040">
         <subfield code="a">AU@</subfield>
         <subfield code="b">eng</subfield>
         <subfield code="c">AU@</subfield>
         <subfield code="e">rda</subfield>
         <subfield code="d">OCLCO</subfield>
         <subfield code="d">UAB</subfield>
      </datafield>
      <datafield ind1=" " ind2="4" tag="050">
         <subfield code="a">HF5823</subfield>
         <subfield code="b">.W455 2015</subfield>
      </datafield>
      <datafield ind1="0" ind2="4" tag="082">
         <subfield code="a">659.1</subfield>
         <subfield code="2">23</subfield>
      </datafield>
      <datafield ind1=" " ind2=" " tag="090">
         <subfield code="a">HF 5823 W453 2015</subfield>
         <subfield code="b">AEU</subfield>
      </datafield>
      <datafield ind1="1" ind2=" " tag="100">
         <subfield code="a">Moriarty, Sandra E.</subfield>
         <subfield code="q">(Sandra Ernst),</subfield>
         <subfield code="e">author.</subfield>
         <subfield code="0">http://id.loc.gov/authorities/names/n85068294</subfield>
         <subfield code="0">http://viaf.org/viaf/56761066</subfield>
      </datafield>
      <datafield ind1="1" ind2="0" tag="245">
         <subfield code="a">Advertising &amp; IMC :</subfield>
         <subfield code="b">principles &amp; practice /</subfield>
         <subfield code="c">Sandra Moriarty, University of Colorado, Nancy Mitchell, University of Nebraska-Lincoln, William Wells, University of Minnesota.</subfield>
      </datafield>
      <datafield ind1="3" ind2=" " tag="246">
         <subfield code="a">Advertising &amp; integrated marketing communication</subfield>
      </datafield>
      <datafield ind1="3" ind2=" " tag="246">
         <subfield code="a">Advertising and integrated marketing communication</subfield>
      </datafield>
      <datafield ind1=" " ind2=" " tag="250">
         <subfield code="a">Tenth edition, global edition.</subfield>
      </datafield>
      <datafield ind1=" " ind2="1" tag="264">
         <subfield code="a">Boston :</subfield>
         <subfield code="b">Pearson,</subfield>
         <subfield code="c">[2015]</subfield>
      </datafield>
      <datafield ind1=" " ind2="4" tag="264">
         <subfield code="c">©2015</subfield>
      </datafield>
      <datafield ind1=" " ind2=" " tag="300">
         <subfield code="a">669 pages :</subfield>
         <subfield code="b">illustrations (chiefly color) ;</subfield>
         <subfield code="c">28 cm</subfield>
      </datafield>
      <datafield ind1=" " ind2=" " tag="336">
         <subfield code="a">text</subfield>
         <subfield code="b">txt</subfield>
         <subfield code="2">rdacontent</subfield>
         <subfield code="0">http://id.loc.gov/vocabulary/contentTypes/txt</subfield>
      </datafield>
      <datafield ind1=" " ind2=" " tag="337">
         <subfield code="a">unmediated</subfield>
         <subfield code="b">n</subfield>
         <subfield code="2">rdamedia</subfield>
         <subfield code="0">http://id.loc.gov/vocabulary/mediaTypes/n</subfield>
      </datafield>
      <datafield ind1=" " ind2=" " tag="338">
         <subfield code="a">volume</subfield>
         <subfield code="b">nc</subfield>
         <subfield code="2">rdacarrier</subfield>
         <subfield code="0">http://id.loc.gov/vocabulary/carriers/nc</subfield>
      </datafield>
      <datafield ind1=" " ind2=" " tag="504">
         <subfield code="a">Includes bibliographical references and index.</subfield>
      </datafield>
      <datafield ind1="0" ind2=" " tag="505">
         <subfield code="a">Part 1. Principle: back to basics -- Advertising -- Brand communication -- Brand communication and society -- Part 2. Principle: be true to thy brand and thy consumer -- How brand communication works -- Segmenting and targeting the audience -- Strategic research -- Strategic planning -- Part 3. Practice: developing breakthrough ideas in the digital age -- The creative side -- Promotional writing -- Visual communication -- Part 4. Principle: media in the world of change -- Media basics -- Paid media -- Owned, interactive, and earned media -- Media planning and negotiation -- Part 5. Principle: IMC and total communication -- Direct response -- Promotions -- The principles and practice of IMC -- Evaluating IMC effectiveness.</subfield>
      </datafield>
      <datafield ind1=" " ind2=" " tag="596">
         <subfield code="a">43</subfield>
      </datafield>
      <datafield ind1=" " ind2="0" tag="650">
         <subfield code="a">Advertising.</subfield>
         <subfield code="0">http://id.loc.gov/authorities/subjects/sh85001086</subfield>
      </datafield>
      <datafield ind1="1" ind2=" " tag="700">
         <subfield code="a">Mitchell, Nancy,</subfield>
         <subfield code="d">1950- ,</subfield>
         <subfield code="e">author.</subfield>
         <subfield code="0">http://id.loc.gov/authorities/names/n2007064777</subfield>
         <subfield code="0">http://viaf.org/viaf/56067060</subfield>
      </datafield>
      <datafield ind1="1" ind2=" " tag="700">
         <subfield code="a">Wells, William,</subfield>
         <subfield code="d">1926- ,</subfield>
         <subfield code="e">author.</subfield>
         <subfield code="0">http://id.loc.gov/authorities/names/n88056610</subfield>
         <subfield code="0">http://viaf.org/viaf/110491764</subfield>
      </datafield>
      <datafield ind1=" " ind2=" " tag="758">
         <subfield code="0">http://worldcat.org/entity/work/id/9790274</subfield>
      </datafield>
      <datafield ind1="0" ind2=" " tag="787">
         <subfield code="n">OCLC Work Id</subfield>
         <subfield code="o">http://worldcat.org/entity/work/id/9790274</subfield>
      </datafield>
      <datafield ind1=" " ind2=" " tag="949">
         <subfield code="a">HF 5823 W453 2015</subfield>
         <subfield code="c">1</subfield>
         <subfield code="h">UAHS-B</subfield>
         <subfield code="i">0162035146438</subfield>
      </datafield>
      <datafield ind1=" " ind2=" " tag="926">
         <subfield code="a">HF 5823 W453 2015</subfield>
         <subfield code="w">LC</subfield>
         <subfield code="c">1</subfield>
         <subfield code="i">0162035146438</subfield>
         <subfield code="l">ON_SHELF</subfield>
         <subfield code="m">UAHSS</subfield>
         <subfield code="p">$150.00</subfield>
         <subfield code="r">Y</subfield>
         <subfield code="s">Y</subfield>
         <subfield code="t">BOOK</subfield>
         <subfield code="u">9/8/2014</subfield>
      </datafield>
   </record>
</collection>
